<?xml version="1.0" encoding="UTF-8"?><collection xmlns="http://www.loc.gov/MARC21/slim"><record><leader>00441nam--2200169-i-4500</leader><controlfield tag="001">000030491</controlfield><controlfield tag="002">20161230</controlfield><controlfield tag="005">20161230201038</controlfield><controlfield tag="008">060222s1000------------r-----000-0-eng-d</controlfield><datafield ind1=" " ind2=" " tag="040"><subfield code="a">IFIN-HH</subfield></datafield><datafield ind1=" " ind2=" " tag="080"><subfield code="a">539.12.162.8(047.1)</subfield></datafield><datafield ind1="1" ind2=" " tag="100"><subfield code="a">Lusanna, L</subfield></datafield><datafield ind1="1" ind2="0" tag="245"><subfield code="a">Radiative-like emission in statistical models</subfield><subfield code="c">L. lusanna</subfield></datafield><datafield ind1=" " ind2=" " tag="260"><subfield code="a">Firenze</subfield><subfield code="b">Infn</subfield><subfield code="c">1974</subfield></datafield><datafield ind1=" " ind2=" " tag="300"><subfield code="a">21P.+ 3 F</subfield></datafield><datafield ind1=" " ind2=" " tag="852"><subfield code="a">41054</subfield><subfield code="c">539.131</subfield></datafield><datafield ind1=" " ind2=" " tag="CAT"><subfield code="a">Sys</subfield><subfield code="c">20120302</subfield><subfield code="h">143044</subfield></datafield></record></collection>